@article{Martin1975,
	Author = {Martin, D.  H. },
	year = {1975},
	Journal = {Journal of Optimization Theory and Applications},
	Number = {3},
	Pages = {205--210},
	Title = {On the continuity of the maximum in parametric linear programming},
        }

